@article{imagenet,
 author = {Krizhevsky, Alex and Sutskever, Ilya and Hinton, Geoffrey E.},
 title = {ImageNet Classification with Deep Convolutional Neural Networks},
 booktitle = {Proceedings of the 25th International Conference on Neural Information Processing Systems - Volume 1},
 series = {NIPS'12},
 year = {2012},
 location = {Lake Tahoe, Nevada},
 pages = {1097--1105},
 numpages = {9},
 url = {http://dl.acm.org/citation.cfm?id=2999134.2999257},
 acmid = {2999257},
 publisher = {Curran Associates Inc.},
 address = {USA},
}
@article{inceptionresnet,
  author    = {Christian Szegedy and
               Sergey Ioffe and
               Vincent Vanhoucke},
  title     = {Inception-v4, Inception-ResNet and the Impact of Residual Connections
               on Learning},
  journal   = {CoRR},
  volume    = {abs/1602.07261},
  year      = {2016},
  url       = {http://arxiv.org/abs/1602.07261},
  archivePrefix = {arXiv},
  eprint    = {1602.07261},
  timestamp = {Wed, 07 Jun 2017 14:42:58 +0200},
  biburl    = {https://dblp.org/rec/bib/journals/corr/SzegedyIV16},
  bibsource = {dblp computer science bibliography, https://dblp.org}
}
@article{transferlearning,
  author    = {Mi{-}Young Huh and
               Pulkit Agrawal and
               Alexei A. Efros},
  title     = {What makes ImageNet good for transfer learning?},
  journal   = {CoRR},
  volume    = {abs/1608.08614},
  year      = {2016},
  url       = {http://arxiv.org/abs/1608.08614},
  archivePrefix = {arXiv},
  eprint    = {1608.08614},
  timestamp = {Wed, 07 Jun 2017 14:43:13 +0200},
  biburl    = {https://dblp.org/rec/bib/journals/corr/HuhAE16},
  bibsource = {dblp computer science bibliography, https://dblp.org}
}
@article{earlyeq,
 author = {Picard, Rosalind W. and Vyzas, Elias and Healey, Jennifer},
 title = {Toward Machine Emotional Intelligence: Analysis of Affective Physiological State},
 journal = {IEEE Trans. Pattern Anal. Mach. Intell.},
 issue_date = {October 2001},
 volume = {23},
 number = {10},
 month = oct,
 year = {2001},
 issn = {0162-8828},
 pages = {1175--1191},
 numpages = {17},
 url = {http://dx.doi.org/10.1109/34.954607},
 doi = {10.1109/34.954607},
 acmid = {505448},
 publisher = {IEEE Computer Society},
 address = {Washington, DC, USA},
 keywords = {Fisher projection, affective computing, emotion recognition, emotional intelligence, feature selection, physiological patterns},
}
@article{methodologyproposed,
 author = {William Jarrold and Peter Z. Yeh},
 title = {The Social-Emotional Turing Challenge},
 journal = {AI Magazine},
 issue_date = {Spring 2016},
 volume = {37},
 number = {1},
 year = {2016},
 url = {https://www.aaai.org/ojs/index.php/aimagazine/article/view/2638},
 doi = {https://doi.org/10.1609/aimag.v37i1.2638},
 publisher = {Association for the Advancement of Artificial Intelligence},
}
@article{oasis,
author = {Kurdi, Benedek and Lozano, Shayn and Banaji, Mahzarin},
year = {2016},
month = {02},
pages = {},
title = {Introducing the Open Affective Standardized Image Set (OASIS)},
volume = {49},
booktitle = {Behavior Research Methods}
}
@article{ourdata,
  author    = {Quanzeng You and
               Jiebo Luo and
               Hailin Jin and
               Jianchao Yang},
  title     = {Building a Large Scale Dataset for Image Emotion Recognition: The
               Fine Print and The Benchmark},
  journal   = {CoRR},
  volume    = {abs/1605.02677},
  year      = {2016},
  url       = {http://arxiv.org/abs/1605.02677},
  archivePrefix = {arXiv},
  eprint    = {1605.02677},
  timestamp = {Wed, 07 Jun 2017 14:43:04 +0200},
  biburl    = {https://dblp.org/rec/bib/journals/corr/YouLJY16},
  bibsource = {dblp computer science bibliography, https://dblp.org}
}
@article{transferexample1,
  author    = {Michael Xie and
               Neal Jean and
               Marshall Burke and
               David B. Lobell and
               Stefano Ermon},
  title     = {Transfer Learning from Deep Features for Remote Sensing and Poverty
               Mapping},
  journal   = {CoRR},
  volume    = {abs/1510.00098},
  year      = {2015},
  url       = {http://arxiv.org/abs/1510.00098},
  archivePrefix = {arXiv},
  eprint    = {1510.00098},
  timestamp = {Mon, 02 Oct 2017 17:58:11 +0200},
  biburl    = {https://dblp.org/rec/bib/journals/corr/XieJBLE15},
  bibsource = {dblp computer science bibliography, https://dblp.org}
}
@inproceedings{transferexampleprimary,
 author = {Oquab, Maxime and Bottou, Leon and Laptev, Ivan and Sivic, Josef},
 title = {Learning and Transferring Mid-level Image Representations Using Convolutional Neural Networks},
 booktitle = {Proceedings of the 2014 IEEE Conference on Computer Vision and Pattern Recognition},
 series = {CVPR '14},
 year = {2014},
 isbn = {978-1-4799-5118-5},
 pages = {1717--1724},
 numpages = {8},
 url = {https://doi.org/10.1109/CVPR.2014.222},
 doi = {10.1109/CVPR.2014.222},
 acmid = {2680210},
 publisher = {IEEE Computer Society},
 address = {Washington, DC, USA},
}
@article{transferexample2,
  author    = {Hoo{-}Chang Shin and
               Holger R. Roth and
               Mingchen Gao and
               Le Lu and
               Ziyue Xu and
               Isabella Nogues and
               Jianhua Yao and
               Daniel J. Mollura and
               Ronald M. Summers},
  title     = {Deep Convolutional Neural Networks for Computer-Aided Detection: {CNN}
               Architectures, Dataset Characteristics and Transfer Learning},
  journal   = {CoRR},
  volume    = {abs/1602.03409},
  year      = {2016},
  url       = {http://arxiv.org/abs/1602.03409},
  archivePrefix = {arXiv},
  eprint    = {1602.03409},
  timestamp = {Wed, 07 Jun 2017 14:42:16 +0200},
  biburl    = {https://dblp.org/rec/bib/journals/corr/ShinRGLXNYMS16},
  bibsource = {dblp computer science bibliography, https://dblp.org}
}